@inproceedings{Castellani2011Web,
	author = {Castellani, Angelo P and Gheda, Mattia and Bui, Nicola and Rossi, Michele and Zorzi, Michele},
	booktitle = {Communications Workshops (ICC), 2011 IEEE International Conference on},
	institution = {IEEE},
	journal = {Communications Workshops (ICC), 2011 IEEE International Conference on},
	pages = {1-6},
	school = {IEEE},
	title = {Web Services for the Internet of Things through CoAP and EXI},
	year = 2011
}

@article{Dyba2012WhatS,
	author = {Dyb√†, Tore and Sharp, Helen},
	booktitle = {IEEE Software},
	doi = {10.1109/MS.2012.126},
	issn = 07407459,
	journal = {IEEE Software},
	keywords = {software engineering methodologies},
	number = 5,
	pages = {19-21},
	title = {What's the evidence for lean?},
	volume = 29,
	year = 2012
}

@article{Poppendieck2012Lean,
	author = {Poppendieck, Mary and Cusumano, Michael a.},
	booktitle = {IEEE Software},
	doi = {10.1109/MS.2012.107},
	issn = 07407459,
	journal = {IEEE Software},
	keywords = {Kanban,Toyota,XP,agile,continuous delivery,design thinking,lean,lean startup,scrum},
	number = 5,
	pages = {26-32},
	title = {Lean software development: A tutorial},
	volume = 29,
	year = 2012
}

@article{Middleton2012Lean,
	author = {Middleton, Peter and Joyce, David},
	booktitle = {IEEE Transactions on Engineering Management},
	doi = {10.1109/TEM.2010.2081675},
	issn = 00189391,
	journal = {IEEE Transactions on Engineering Management},
	keywords = {Agile,capability maturity model integrated (CMMI),development,lead time,lean,process,software,statistical process control},
	number = 1,
	pages = {20-32},
	title = {Lean software management: BBC worldwide case study},
	volume = 59,
	year = 2012
}

@article{Middleton2005Lean,
	author = {Middleton, Peter and Flaxel, Amy and Cookson, Ammon},
	booktitle = {Extreme Programming and Agile Processes in Software Engineering},
	doi = {10.1007/11499053\_1},
	issn = 03029743,
	journal = {Extreme Programming and Agile Processes in Software Engineering},
	keywords = {NO KEYWORD},
	pages = {1-9},
	title = {Lean Software Management Case Study: Timberline Inc},
	url = {http://dx.doi.org/10.1007/11499053_1},
	year = 2005
}

@article{Middleton2001Lean,
	author = {Middleton, Peter},
	booktitle = {Software Quality Journal},
	doi = {10.1023/A:1013754402981},
	issn = 09639314,
	journal = {Software Quality Journal},
	keywords = {just-in-time,lean software development,management,mistake-proo ng,organizational change,productivity,quality,zero-defects},
	number = 4,
	pages = {241-252},
	title = {Lean Software Development: Two Case Studies},
	url = {http://link.springer.com/10.1023/A:1013754402981},
	volume = 9,
	year = 2001
}

@article{Rodriguez2014Combining,
	author = {Rodriguez, Pilar and Partanen, Jari and Kuvaja, Pasi and Oivo, Markku},
	booktitle = {2014 47th Hawaii International Conference on System Sciences},
	doi = {10.1109/HICSS.2014.586},
	issn = 15301605,
	journal = {2014 47th Hawaii International Conference on System Sciences},
	pages = {4770-4779},
	title = {Combining Lean Thinking and Agile Methods for Software Development: A Case Study of a Finnish Provider of Wireless Embedded Systems Detailed},
	url = {http://ieeexplore.ieee.org/lpdocs/epic03/wrapper.htm?arnumber=6759188},
	year = 2014
}

@article{Poppendieck2010Lean,
	author = {Poppendieck, Mary},
	booktitle = {October},
	doi = {10.1201/EBK1439817568-12},
	journal = {October},
	keywords = {lean,lean software development},
	pages = {1-2},
	title = {Lean Software Development Principles},
	url = {http://www.poppendieck.com/},
	year = 2010
}

@article{Shingo1989Study,
	author = {Shingo, Shigeo},
	booktitle = {Japanese Management Association},
	issn = 09569944,
	journal = {Japanese Management Association},
	number = 10,
	pages = 16,
	title = {A study of the Toyota production system from an industrial engineering viewpoint},
	url = {http://www.kellogg.northwestern.edu/course/opns430/modules/lean_operations/shingo.pdf\nhttp://books.google.com/books?hl=en&amp;lr=&amp;id=RKWU7WElJ7oC&amp;oi=fnd&amp;pg=PR11&amp;dq=A+study+of+the+Toyota+production+system&amp;ots=nh8O8EDwhE&amp;sig=KM5ybPg},
	volume = 69,
	year = 1989
}
