@book{ries2011lean,
  title={The lean startup: How today's entrepreneurs use continuous innovation to create radically successful businesses},
  author={Ries, Eric},
  year={2011},
  publisher={Random House LLC}
}

@book{poppendieck2003lean,
  title={Lean software development: an agile toolkit},
  author={Poppendieck, Mary and Poppendieck, Tom},
  year={2003},
  publisher={Addison-Wesley Professional}
}

@book{rother2009toyota,
  title={Toyota Kata: Managing people for improvement, adaptiveness and superior results},
  author={Rother, Mike},
  year={2009},
  publisher={McGraw-Hill Professional}
}

@book{janes2014lean,
  title={Lean Software Development in Action},
  author={Janes, Andrea and Succi, Giancarlo},
  year={2014},
  publisher={Springer}
}

@incollection{boes2014agile,
  title={Agile Methods, Lean Development and the Change of Work in Software Development},
  author={Boes, Andreas and K{\"a}mpf, Tobias},
  booktitle={Future Business Software},
  pages={83--92},
  year={2014},
  publisher={Springer}
}

@book{lazar2010research,
  title={Research methods in human-computer interaction},
  author={Lazar, Jonathan and Feng, Jinjuan Heidi and Hochheiser, Harry},
  year={2010},
  publisher={John Wiley \& Sons}
}

@book{eskola1998johdatus,
  title={Johdatus laadulliseen tutkimukseen},
  author={Eskola, Jari and Suoranta, Juha},
  year={1998},
  publisher={Vastapaino}
}

@book{tuomi2009laadullinen,
  title={Laadullinen tutkimus ja sis{\"a}ll{\"o}nanalyysi},
  author={Tuomi, Jouni and Saraj{\"a}rvi, Anneli},
  year={2009},
  publisher={Tammi}
}

@article{glaser1967discovery,
  title={The discovery grounded theory: strategies for qualitative inquiry},
  author={Glaser, Barney and Strauss, Anselm},
  journal={Aldin, Chicago},
  year={1967}
}
