@inproceedings{Castellani2011Web,
	author = {Castellani, Angelo P and Gheda, Mattia and Bui, Nicola and Rossi, Michele and Zorzi, Michele},
	booktitle = {Communications Workshops (ICC), 2011 IEEE International Conference on},
	institution = {IEEE},
	journal = {Communications Workshops (ICC), 2011 IEEE International Conference on},
	pages = {1-6},
	school = {IEEE},
	title = {Web Services for the Internet of Things through CoAP and EXI},
	year = 2011
}
