@book{ries2011lean,
  title={The lean startup: How today's entrepreneurs use continuous innovation to create radically successful businesses},
  author={Ries, Eric},
  year={2011},
  publisher={Random House LLC}
}
